@ARTICLE{astropy,
   author = {{Astropy Collaboration} and {Robitaille}, T.~P. and {Tollerud}, E.~J. and
	{Greenfield}, P. and {Droettboom}, M. and {Bray}, E. and {Aldcroft}, T. and
	{Davis}, M. and {Ginsburg}, A. and {Price-Whelan}, A.~M. and
	{Kerzendorf}, W.~E. and {Conley}, A. and {Crighton}, N. and
	{Barbary}, K. and {Muna}, D. and {Ferguson}, H. and {Grollier}, F. and
	{Parikh}, M.~M. and {Nair}, P.~H. and {Unther}, H.~M. and {Deil}, C. and
	{Woillez}, J. and {Conseil}, S. and {Kramer}, R. and {Turner}, J.~E.~H. and
	{Singer}, L. and {Fox}, R. and {Weaver}, B.~A. and {Zabalza}, V. and
	{Edwards}, Z.~I. and {Azalee Bostroem}, K. and {Burke}, D.~J. and
	{Casey}, A.~R. and {Crawford}, S.~M. and {Dencheva}, N. and
	{Ely}, J. and {Jenness}, T. and {Labrie}, K. and {Lim}, P.~L. and
	{Pierfederici}, F. and {Pontzen}, A. and {Ptak}, A. and {Refsdal}, B. and
	{Servillat}, M. and {Streicher}, O.},
    title = "{Astropy: A community Python package for astronomy}",
  journal = {\aap},
archivePrefix = "arXiv",
   eprint = {1307.6212},
 primaryClass = "astro-ph.IM",
 keywords = {methods: data analysis, methods: miscellaneous, virtual observatory tools},
     year = 2013,
    month = oct,
   volume = 558,
      eid = {A33},
    pages = {A33},
      doi = {10.1051/0004-6361/201322068},
   adsurl = {http://adsabs.harvard.edu/abs/2013A%26A...558A..33A},
  adsnote = {Provided by the SAO/NASA Astrophysics Data System}
}

@article{collberg14,
  title={Measuring reproducibility in computer systems research},
  author={Collberg, Christian and Proebsting, Todd and Moraila, Gina and Shankaran, Akash and Shi, Zuoming and Warren, Alex M},
  journal={Department of Computer Science, University of Arizona, Tech. Rep},
  year={2014}
}

@inproceedings{dabbish12,
 author = {Dabbish, Laura and Stuart, Colleen and Tsay, Jason and Herbsleb, Jim},
 title = {Social Coding in GitHub: Transparency and Collaboration in an Open Software Repository},
 booktitle = {Proceedings of the ACM 2012 Conference on Computer Supported Cooperative Work},
 series = {CSCW '12},
 year = {2012},
 isbn = {978-1-4503-1086-4},
 location = {Seattle, Washington, USA},
 pages = {1277--1286},
 numpages = {10},
 url = {http://doi.acm.org/10.1145/2145204.2145396},
 doi = {10.1145/2145204.2145396},
 acmid = {2145396},
 publisher = {ACM},
 address = {New York, NY, USA},
 keywords = {awareness, collaboration, coordination, open source software development, social computing, transparency},
}

@article{ram13,
  title={Git can facilitate greater reproducibility and increased transparency in science},
  author={Ram, Karthik},
  journal={Source code for biology and medicine},
  volume={8},
  number={1},
  pages={7},
  year={2013},
  publisher={BioMed Central}
}

@ARTICLE{momtoll15,
   author = {{Momcheva}, I. and {Tollerud}, E.},
    title = "{Software Use in Astronomy: an Informal Survey}",
  journal = {ArXiv e-prints},
archivePrefix = "arXiv",
   eprint = {1507.03989},
 primaryClass = "astro-ph.IM",
 keywords = {Astrophysics - Instrumentation and Methods for Astrophysics, Computer Science - Computers and Society},
     year = 2015,
    month = jul,
   adsurl = {http://adsabs.harvard.edu/abs/2015arXiv150703989M},
  adsnote = {Provided by the SAO/NASA Astrophysics Data System}
}

@ARTICLE{numpyscipy,
author={van der Walt, S. and Colbert, S.C. and Varoquaux, G.},
journal={Computing in Science Engineering},
title={The NumPy Array: A Structure for Efficient Numerical Computation},
year={2011},
volume={13},
number={2},
pages={22-30},
keywords={data structures;high level languages;mathematics computing;numerical analysis;Python programming language;high level language;numerical computation;numerical data;numpy array;Arrays;Computatio
nal efficiency;Finite element methods;Numerical analysis;Performance evaluation;Resource management;Vector quantization;NumPy;Python;numerical computations;programming libraries;scientific programming},
doi={10.1109/MCSE.2011.37},
ISSN={1521-9615},
month={March},
}

@Article{matplotlib,
  Author    = {Hunter, J. D.},
  Title     = {Matplotlib: A 2D graphics environment},
  Journal   = {Computing In Science \& Engineering},
  Volume    = {9},
  Number    = {3},
  Pages     = {90--95},
  abstract  = {Matplotlib is a 2D graphics package used for Python
  for application development, interactive scripting, and
  publication-quality image generation across user
  interfaces and operating systems.},
  publisher = {IEEE COMPUTER SOC},
  year      = 2007
}

@misc{zipflaw,
  title={the Principle of Least Effort: An Introduction to Human Ecology},
  author={Zipf, GK and Behavior, Human},
  year={1949},
  publisher={Reading, MA, Addison-Wesley}
}

@misc{halotools,
  author       = {Andrew Hearin and
                  Erik Tollerud and
                  Thomas Robitaille and
                  Brigitta Sipocz and
                  Duncan Campbell and
                  Andrew Zentner and
                  Michael Droettboom and
                  Sean McLaughlin and
                  Johannes Lange and
                  Erik Bray and
                  Matt Craig and
                  Nick Hand and
                  Larry Bradley and
                  Surhud More and
                  Kyle Barbary and
                  Manodeep Sinha and
                  Kevin Tan and
                  Christoph Deil and
                  Wolfgang Kerzendorf and
                  Kilian and
                  Hans Moritz Günther and
                  Nels Beckman and
                  Matthew R. Becker and
                  Benjamin Alan Weaver},
  title        = {astropy/halotools: v0.2},
  month        = jul,
  year         = 2017,
  doi          = {10.5281/zenodo.835898},
  url          = {https://doi.org/10.5281/zenodo.835898}
}


@misc{photutils,
  author       = {Larry Bradley and
                  Brigitta Sipocz and
                  Thomas Robitaille and
                  Erik Tollerud and
                  Zè Vinícius and
                  Christoph Deil and
                  Kyle Barbary and
                  Hans Moritz Günther and
                  Mihai Cara and
                  Michael Droettboom and
                  Azalee Bostroem and
                  Erik Bray and
                  Lars Andersen Bratholm and
                  T. E. Pickering and
                  Matt Craig and
                  Geert Barentsen and
                  Sergio Pascual and
                  adonath and
                  Johnny Greco and
                  Wolfgang Kerzendorf and
                  StuartLittlefair and
                  Leonardo Ferreira and
                  Francesco D'Eugenio and
                  Benjamin Alan Weaver},
  title        = {astropy/photutils: v0.3},
  month        = nov,
  year         = 2016,
  doi          = {10.5281/zenodo.164986},
  url          = {https://doi.org/10.5281/zenodo.164986}
}
